<?xml version="1.0" encoding="UTF-8"?><collection xmlns="http://www.loc.gov/MARC21/slim"><record><leader>00412nam--2200157-i-4500</leader><controlfield tag="001">000016173</controlfield><controlfield tag="002">20161230</controlfield><controlfield tag="005">20170125131417</controlfield><controlfield tag="008">060222s1000------------r-----000-0-eng-d</controlfield><datafield ind1=" " ind2=" " tag="100"><subfield code="a">Gradshteyn, I. S</subfield></datafield><datafield ind1=" " ind2=" " tag="245"><subfield code="a">Table of integrals, series and products</subfield></datafield><datafield ind1=" " ind2=" " tag="260"><subfield code="a">New York</subfield><subfield code="b">Academic Press</subfield><subfield code="c">1965</subfield></datafield><datafield ind1=" " ind2=" " tag="300"><subfield code="a">XLI + 1086 p</subfield></datafield><datafield ind1=" " ind2=" " tag="700"><subfield code="a">Ryzhik, I. M</subfield></datafield><datafield ind1=" " ind2=" " tag="852"><subfield code="a">77704</subfield><subfield code="c">517.2/3</subfield></datafield><datafield ind1=" " ind2=" " tag="CAT"><subfield code="a">SYS</subfield><subfield code="c">20170125</subfield><subfield code="h">131417</subfield></datafield></record></collection>